@article{b2fh,
  title = {Synthesis of the Elements in Stars},
  author = {Burbidge, E. Margaret and Burbidge, G. R. and Fowler, William A. and Hoyle, F.},
  journal = {Rev. Mod. Phys.},
  volume = {29},
  issue = {4},
  pages = {547--650},
  numpages = {0},
  year = {1957},
  month = {Oct},
  publisher = {American Physical Society},
  doi = {10.1103/RevModPhys.29.547},
  url = {https://link.aps.org/doi/10.1103/RevModPhys.29.547}
}

@article{Mayer2010,
    author = {Mayer, JÃ¼rgen and Khairy, Khaled and Howard, Jonathon},
    title = "{Drawing an elephant with four complex parameters}",
    journal = {American Journal of Physics},
    volume = {78},
    number = {6},
    pages = {648-649},
    year = {2010},
    month = {06},
    abstract = "{We define four complex numbers representing the parameters needed to specify an elephantine shape. The real and imaginary parts of these complex numbers are the coefficients of a Fourier coordinate expansion, a powerful tool for reducing the data required to define shapes.}",
    issn = {0002-9505},
    doi = {10.1119/1.3254017},
    url = {https://doi.org/10.1119/1.3254017},
    eprint = {https://pubs.aip.org/aapt/ajp/article-pdf/78/6/648/10082021/648\_1\_online.pdf},
}

